@misc{
    netem,
    author = "Linux Foundation",
    title = "netem",
    howpublished = "Website",
    year = {2009},
    note = {\url{http://www.linuxfoundation.org/collaborate/workgroups/networking/netem}}
}